%Para todos los metodos usados
@book{silber,
    title={Operating System Concepts},
    author={Silberschatz, A. and Galvin, P.},  
    year={1994},
    publisher={Addison Wesley}
}

@online{ext2doc,
  author = {Poirier, D.},
  title = {Second Extended File System},
  year = 2011,
  url = {http://www.nongnu.org/ext2-doc/}
}


